<record><leader>00000cas a22000007a 4500</leader><controlfield tag="001">17500213</controlfield><controlfield tag="008">880218c18909999lauwr ne      0    0eng d</controlfield><datafield ind1=" " ind2=" " tag="010"><subfield code="a">sn 88064121 </subfield></datafield><datafield ind1=" " ind2=" " tag="040"><subfield code="a">LNP</subfield><subfield code="b">eng</subfield><subfield code="c">LNP</subfield><subfield code="d">OCLCQ</subfield><subfield code="d">OCLCF</subfield><subfield code="d">OCLCO</subfield></datafield><datafield ind1="1" ind2=" " tag="029"><subfield code="a">AU@</subfield><subfield code="b">000020499845</subfield></datafield><datafield ind1=" " ind2=" " tag="042"><subfield code="a">msc</subfield></datafield><datafield ind1=" " ind2=" " tag="043"><subfield code="a">n-us-la</subfield></datafield><datafield ind1="0" ind2="4" tag="245"><subfield code="a">The Guardian-journal.</subfield></datafield><datafield ind1=" " ind2=" " tag="260"><subfield code="a">Homer, La. :</subfield><subfield code="b">Olgivie &amp; Co.</subfield></datafield><datafield ind1=" " ind2=" " tag="310"><subfield code="a">Weekly</subfield></datafield><datafield ind1="0" ind2=" " tag="362"><subfield code="a">June 18, 1890-</subfield></datafield><datafield ind1=" " ind2="0" tag="651"><subfield code="a">Homer (La.)</subfield><subfield code="v">Newspapers.</subfield></datafield><datafield ind1=" " ind2="0" tag="651"><subfield code="a">Claiborne Parish (La.)</subfield><subfield code="v">Newspapers.</subfield></datafield><datafield ind1=" " ind2="7" tag="655"><subfield code="a">Newspapers.</subfield><subfield code="2">fast</subfield><subfield code="0">(OCoLC)fst01423814</subfield></datafield><datafield ind1=" " ind2="7" tag="651"><subfield code="a">Louisiana</subfield><subfield code="z">Claiborne Parish.</subfield><subfield code="2">fast</subfield><subfield code="0">(OCoLC)fst01220860</subfield></datafield><datafield ind1=" " ind2="7" tag="651"><subfield code="a">Louisiana</subfield><subfield code="z">Homer.</subfield><subfield code="2">fast</subfield><subfield code="0">(OCoLC)fst01202980</subfield></datafield><datafield ind1=" " ind2=" " tag="752"><subfield code="a">United States</subfield><subfield code="b">Louisiana</subfield><subfield code="c">Claiborne</subfield><subfield code="d">Homer.</subfield></datafield><datafield ind1="0" ind2="4" tag="780"><subfield code="t">Louisiana weekly journal</subfield><subfield code="w">(DLC)sn 88064120</subfield></datafield><datafield ind1="0" ind2="4" tag="780"><subfield code="t">Homer guardian</subfield><subfield code="w">(DLC)sn 88064119</subfield></datafield><datafield ind1="0" ind2="5" tag="780"><subfield code="t">Clipper</subfield><subfield code="g">Jan. 1, 1903</subfield></datafield><datafield ind1="0" ind2="5" tag="780"><subfield code="t">Homer news</subfield><subfield code="g">Jan. 1, 1941</subfield></datafield></record>